@article{saad_majdalani_2017, title={Extension of Kelvin’s minimum energy theorem to incompressible fluid domains with open regions}, volume={825}, DOI={10.1017/jfm.2017.413}, journal={Journal of Fluid Mechanics}, publisher={Cambridge University Press}, author={Saad, Tony and Majdalani, Joseph}, year={2017}, pages={208–212}}