%% This BibTeX bibliography file was created using BibDesk.
%% https://bibdesk.sourceforge.io/

%% Created for circle at 2021-01-21 11:46:35 +0800 


%% Saved with string encoding Unicode (UTF-8) 



@webpage{w,
	date-added = {2021-01-21 11:41:15 +0800},
	date-modified = {2021-01-21 11:45:36 +0800},
	month = {January},
	howpublished = {\url{https://en.wikipedia.org/wiki/Rayleigh–Bénard_convection}},
	year = {2021},
	}

@article{article,
	author = {Meleshko, V. and Gourjii, A. and Krasnopolskaya, Tatyana},
	date-added = {2021-01-21 11:41:07 +0800},
	date-modified = {2021-01-21 11:41:07 +0800},
	doi = {10.1007/s10958-012-1100-0},
	journal = {Journal of Mathematical Sciences},
	month = {12},
	title = {Vortex rings: History and state of the art},
	volume = {187},
	year = {2012},
	Bdsk-Url-1 = {https://doi.org/10.1007/s10958-012-1100-0}}
